@misc{PowerStack,
  author       = {Caspar Wackerle},
  title        = {PowerStack: Automated Kubernetes Deployment for Energy Efficiency Analysis},
  year         = {2025},
  url          = {https://github.com/casparwackerle/PowerStack},
  note         = {GitHub repository}
}

@misc{KEPLERDocumentation,
    Author = {{Sustainable Computing IO}},
    Title = {KEPLER Documentation: Kubernetes-based Efficient Power Level Exporter},
    Year = {2025},
    Url = {https://sustainable-computing.io},
    Note = {Accessed: 2025-01-05}
}

@software{k3s-ansible,
  author       = {{k3s-io}},
  title        = {k3s-ansible: Ansible playbook for deploying K3s clusters},
  year         = {2025},
  url          = {https://github.com/k3s-io/k3s-ansible},
  note         = {Accessed: 2025-01-05},
  howpublished = {\url{https://github.com/k3s-io/k3s-ansible}}
}

@software{prometheus_helm_charts,
  author       = {Prometheus Community},
  title        = {Prometheus Helm Charts},
  year         = {2025},
  url          = {https://github.com/prometheus-community/helm-charts},
  note         = {Accessed: 2025-01-05}
}

@software{kepler_helm_chart,
  author       = {Sustainable Computing IO},
  title        = {KEPLER Helm Chart Repository},
  howpublished = {\url{https://github.com/sustainable-computing-io/kepler-helm-chart}},
  note         = {Accessed: 2025-01-05}
}

@software{OpenAI_ChatGPT_2024,
  author    = {OpenAI},
  year      = {2024},
  title     = {{ChatGPT} (Version 4o)},
  url       = {https://chat.openai.com},
  note      = {Genutzt zur Dokumentationserstellung, Codeformatierung und Erstellung kurzer Codefragmente.}
}

@software{stress-ng,
  author       = {Colin Ian King},
  title        = {stress-ng: A Linux System Stressing Tool},
  year         = {2023},
  howpublished = {\url{https://github.com/ColinIanKing/stress-ng}},
  note         = {Accessed: 2025-01-27}
}

@software{fio,
  author       = {Jens Axboe},
  title        = {fio: Flexible I/O Tester},
  year         = {2023},
  howpublished = {\url{https://fio.readthedocs.io/en/latest/}},
  note         = {Accessed: 2025-01-27}
}

@software{iperf3,
  author       = {The ESnet Project},
  title        = {iperf3: A TCP, UDP, and SCTP Network Bandwidth Measurement Tool},
  year         = {2023},
  howpublished = {\url{https://iperf.fr/}},
  note         = {Accessed: 2025-01-27}
}
