
@misc{TychoRepo,
  author       = {Caspar Wackerle},
  title        = {Tycho: an accuracy-first container-level energy consumption exporter for Kubernetes (based on Kepler v0.9)},
  year         = {2025},
  url          = {https://github.com/casparwackerle/tycho-energy},
  note         = {GitHub repository}
}
@misc{PowerStack,
  author       = {Caspar Wackerle},
  title        = {PowerStack: Automated Kubernetes Deployment for Energy Efficiency Analysis},
  year         = {2025},
  url          = {https://github.com/casparwackerle/PowerStack},
  note         = {GitHub repository}
}