@misc{PowerStack,
  author       = {Caspar Wackerle},
  title        = {PowerStack: Automated Kubernetes Deployment for Energy Efficiency Analysis},
  year         = {2025},
  url          = {https://github.com/casparwackerle/PowerStack},
  note         = {GitHub repository}
}