@misc{KEPLERDocumentation,
    Author = {{Sustainable Computing IO}},
    Title = {KEPLER Documentation: Kubernetes-based Efficient Power Level Exporter},
    Year = {2025},
    Url = {https://sustainable-computing.io},
    Note = {Accessed: 2025-01-05}
}

@misc{k3s-ansible,
  author       = {{k3s-io}},
  title        = {k3s-ansible: Ansible playbook for deploying K3s clusters},
  year         = {2025},
  url          = {https://github.com/k3s-io/k3s-ansible},
  note         = {Accessed: 2025-01-05},
  howpublished = {\url{https://github.com/k3s-io/k3s-ansible}}
}

@misc{prometheus_helm_charts,
  author       = {Prometheus Community},
  title        = {Prometheus Helm Charts},
  year         = {2025},
  url          = {https://github.com/prometheus-community/helm-charts},
  note         = {Accessed: 2025-01-05}
}
